<?xml version="1.0" encoding="UTF-8" ?>
<collection>
<record>
<leader>01544cam0 2200313 n 450 </leader>
<controlfield tag="001">1/1188528</controlfield>
<controlfield tag="005">20111005055123.0</controlfield>
<datafield tag="035" ind1=" " ind2=" "><subfield code="a">ppn138945047</subfield>
</datafield>
<datafield tag="100" ind1=" " ind2=" "><subfield code="a">20091202d1679    m  y0frey0103    ba</subfield>
</datafield>
<datafield tag="101" ind1="0" ind2=" "><subfield code="a">swe</subfield>
</datafield>
<datafield tag="102" ind1=" " ind2=" "><subfield code="a">SE</subfield>
</datafield>
<datafield tag="105" ind1=" " ind2=" "><subfield code="a">y   |   000zy</subfield>
</datafield>
<datafield tag="200" ind1="1" ind2=" "><subfield code="a">Observationes juris practicae</subfield>
<subfield code="b">Texte imprimé</subfield>
<subfield code="e">thet är åthskillige påminnelser uthi rättegångs saker ...</subfield>
<subfield code="a">Kort beskriffning om thet som wid then Constantinopolitaniske resan är föreluppit</subfield>
<subfield code="f">Clas Rålamb</subfield>
</datafield>
<datafield tag="210" ind1=" " ind2=" "><subfield code="a">Stockholm</subfield>
<subfield code="d">1679</subfield>
<subfield code="g">Henrich Keyser</subfield>
</datafield>
<datafield tag="215" ind1=" " ind2=" "><subfield code="a">1 vol. (330, 93-[11  p.])</subfield>
<subfield code="d">19 cm</subfield>
</datafield>
<datafield tag="325" ind1="1" ind2=" "><subfield code="a">Reproduit sous forme électronique</subfield>
</datafield>
<datafield tag="423" ind1=" " ind2="#"><subfield code="t">Kort beskriffning om thet som wid then Constantinopolitaniske resan är föreluppit</subfield>
</datafield>
<datafield tag="456" ind1=" " ind2="#"><subfield code="0">ppn155328077</subfield>
<subfield code="t">Observationes juris practicae</subfield>
<subfield code="b">Ressource électronique</subfield>
<subfield code="o">thet är åthskillige påminnelser uthi rättegångs saker ...</subfield>
<subfield code="f">Clas Rålamb</subfield>
<subfield code="c">Paris</subfield>
<subfield code="n">Bibliothèque Sainte Geneviève</subfield>
<subfield code="d">2011</subfield>
</datafield>
<datafield tag="606" ind1=" " ind2=" "><subfield code="a">Droit</subfield>
<subfield code="y">Suède</subfield>
</datafield>
<datafield tag="606" ind1=" " ind2=" "><subfield code="a">Voyageurs suédois</subfield>
<subfield code="y">Turquie</subfield>
<subfield code="z">17e siècle</subfield>
</datafield>
<datafield tag="606" ind1=" " ind2=" "><subfield code="1">027466868</subfield>
<subfield code="a">Droit</subfield>
<subfield code="2">rameau</subfield>
</datafield>
<datafield tag="606" ind1=" " ind2=" "><subfield code="1">028725638</subfield>
<subfield code="a">Voyageurs suédois</subfield>
<subfield code="2">rameau</subfield>
<subfield code="8">frefre</subfield>
</datafield>
<datafield tag="607" ind1=" " ind2=" "><subfield code="a">Turquie</subfield>
<subfield code="x">Descriptions et voyages</subfield>
<subfield code="z">17e siècle</subfield>
</datafield>
<datafield tag="607" ind1=" " ind2=" "><subfield code="1">027254755</subfield>
<subfield code="a">Turquie</subfield>
<subfield code="2">rameau</subfield>
</datafield>
<datafield tag="700" ind1=" " ind2="1"><subfield code="1">137805020</subfield>
<subfield code="a">Rålamb</subfield>
<subfield code="b">Claes</subfield>
<subfield code="f">1622-1698</subfield>
<subfield code="4">070</subfield>
</datafield>
<datafield tag="801" ind1=" " ind2="3"><subfield code="a">FR</subfield>
<subfield code="b">Abes</subfield>
<subfield code="c">20111003</subfield>
<subfield code="g">AFNOR</subfield>
</datafield>
<datafield tag="801" ind1=" " ind2="0"><subfield code="b">COL</subfield>
<subfield code="g">AACR2</subfield>
</datafield>
<datafield tag="801" ind1=" " ind2="2"><subfield code="b">Lin1</subfield>
<subfield code="g">AACR2</subfield>
</datafield>
<datafield tag="852"><subfield code="a">BSG</subfield>
<subfield code="b">NOR</subfield>
<subfield code="c">RARN</subfield>
<subfield code="e">20091202</subfield>
<subfield code="h">8 NN 1840 NOR</subfield>
<subfield code="p">9108534101</subfield>
<subfield code="q">9108534101</subfield>
<subfield code="t">RPR</subfield>
<subfield code="y">0</subfield>
</datafield>
<datafield tag="852"><subfield code="a">BSG</subfield>
<subfield code="b">NOR</subfield>
<subfield code="y">2</subfield>
</datafield>
</record>