
<record>
<leader>01399cam0 2200313   450 </leader>
<controlfield tag="001">1/306661</controlfield>
<controlfield tag="005">20111026060308.0</controlfield>
<datafield tag="035" ind1=" " ind2=" "><subfield code="a">ppn099546760</subfield>
</datafield>
<datafield tag="035" ind1=" " ind2=" "><subfield code="a">BSGNOR1140627001</subfield>
</datafield>
<datafield tag="039" ind1=" " ind2=" "><subfield code="a">10318181</subfield>
</datafield>
<datafield tag="100" ind1=" " ind2=" "><subfield code="a">19970725d1632    m  y0frey0103    ba</subfield>
</datafield>
<datafield tag="101" ind1="0" ind2=" "><subfield code="a">dan</subfield>
</datafield>
<datafield tag="102" ind1=" " ind2=" "><subfield code="a">DK</subfield>
</datafield>
<datafield tag="105" ind1=" " ind2=" "><subfield code="a">y   |||||||||</subfield>
</datafield>
<datafield tag="200" ind1="1" ind2=" "><subfield code="a">Norriges oc omliggende Øers sandfoerdige Bescriffuelse...</subfield>
<subfield code="b">Texte imprimé</subfield>
<subfield code="f">Peder Claussøn</subfield>
</datafield>
<datafield tag="210" ind1=" " ind2=" "><subfield code="a">Kiobenhaffn</subfield>
<subfield code="c">Melchior Marzan</subfield>
<subfield code="d">1632</subfield>
</datafield>
<datafield tag="215" ind1=" " ind2=" "><subfield code="a">1 vol. (185 p.)</subfield>
<subfield code="d">18 cm</subfield>
</datafield>
<datafield tag="302" ind1=" " ind2=" "><subfield code="a">Danemark</subfield>
</datafield>
<datafield tag="325" ind1="1" ind2=" "><subfield code="a">Reproduit sous forme électronique</subfield>
</datafield>
<datafield tag="456" ind1=" " ind2="#"><subfield code="0">ppn155865331</subfield>
<subfield code="t">Norriges oc omliggende Øers sandfoerdige Bescriffuelse...</subfield>
<subfield code="b">Ressource électronique</subfield>
<subfield code="f">Peder Claussøn</subfield>
<subfield code="c">Paris</subfield>
<subfield code="n">Bibliothèque Sainte Geneviève</subfield>
<subfield code="d">2011</subfield>
</datafield>
<datafield tag="606" ind1=" " ind2=" "><subfield code="a">Voyageurs norvégiens</subfield>
<subfield code="y">Norvège</subfield>
<subfield code="z">17e siècle</subfield>
</datafield>
<datafield tag="606" ind1=" " ind2=" "><subfield code="1">030334578</subfield>
<subfield code="a">Voyageurs norvégiens</subfield>
<subfield code="2">rameau</subfield>
<subfield code="8">frefre</subfield>
</datafield>
<datafield tag="607" ind1=" " ind2=" "><subfield code="a">Nordland (Comté, Norvège)</subfield>
<subfield code="x">Descriptions et voyages</subfield>
<subfield code="z">17e siècle</subfield>
</datafield>
<datafield tag="607" ind1=" " ind2=" "><subfield code="a">Norvège</subfield>
<subfield code="x">Descriptions et voyages</subfield>
<subfield code="z">17e siècle</subfield>
</datafield>
<datafield tag="607" ind1=" " ind2=" "><subfield code="1">027855384</subfield>
<subfield code="a">Nordland (Comté, Norvège)</subfield>
<subfield code="2">rameau</subfield>
</datafield>
<datafield tag="607" ind1=" " ind2=" "><subfield code="1">027263762</subfield>
<subfield code="a">Norvège</subfield>
<subfield code="2">rameau</subfield>
</datafield>
<datafield tag="700" ind1=" " ind2="1"><subfield code="1">137630891</subfield>
<subfield code="a">Claussøn</subfield>
<subfield code="d">1545-1614</subfield>
<subfield code="b">Peder Friis</subfield>
<subfield code="4">070</subfield>
</datafield>
<datafield tag="801" ind1=" " ind2="3"><subfield code="a">FR</subfield>
<subfield code="b">Abes</subfield>
<subfield code="c">20111025</subfield>
<subfield code="g">AFNOR</subfield>
</datafield>
<datafield tag="801" ind1=" " ind2="1"><subfield code="a">FR</subfield>
<subfield code="b">BSGNOR</subfield>
<subfield code="c">19970725</subfield>
</datafield>
<datafield tag="852"><subfield code="a">BSG</subfield>
<subfield code="b">NOR</subfield>
<subfield code="c">RARN</subfield>
<subfield code="e">19970912</subfield>
<subfield code="h">8 LA ROQ 695 NOR</subfield>
<subfield code="p">N10305952</subfield>
<subfield code="q">9100107647</subfield>
<subfield code="t">RPR</subfield>
<subfield code="y">0</subfield>
</datafield>
</record>