
<record>
<leader>02103cam0 2200337   450 </leader>
<controlfield tag="001">1/428946</controlfield>
<controlfield tag="005">20120718055133.0</controlfield>
<datafield tag="035" ind1=" " ind2=" "><subfield code="a">ppn106773631</subfield>
</datafield>
<datafield tag="035" ind1=" " ind2=" "><subfield code="a">PRITEC.BSG8.010161301002</subfield>
</datafield>
<datafield tag="039" ind1=" " ind2=" "><subfield code="a">11031757</subfield>
</datafield>
<datafield tag="100" ind1=" " ind2=" "><subfield code="a">20050310d1879    k  a0frey0103    ba</subfield>
</datafield>
<datafield tag="101" ind1="0" ind2=" "><subfield code="a">fre</subfield>
</datafield>
<datafield tag="102" ind1=" " ind2=" "><subfield code="a">FR</subfield>
</datafield>
<datafield tag="105" ind1=" " ind2=" "><subfield code="a">a   ||||10|yy</subfield>
</datafield>
<datafield tag="106" ind1=" " ind2=" "><subfield code="a">r</subfield>
</datafield>
<datafield tag="200" ind1="1" ind2=" "><subfield code="a">Conférences du Palais du Trocadéro</subfield>
<subfield code="h">Deuxièmes série</subfield>
<subfield code="i">Arts, sciences</subfield>
<subfield code="f">Ministère de l&apos;Agriculture et du commerce ; Exposition universelle internationale de 1878, à Paris</subfield>
</datafield>
<datafield tag="210" ind1=" " ind2=" "><subfield code="a">Paris</subfield>
<subfield code="c">Impr. nationale</subfield>
<subfield code="d">1879</subfield>
</datafield>
<datafield tag="215" ind1=" " ind2=" "><subfield code="a">1 vol. (286 p.)</subfield>
<subfield code="c">fig., dépl.</subfield>
<subfield code="d">25 cm</subfield>
</datafield>
<datafield tag="225" ind1="1" ind2=" "><subfield code="a">Congrès et conférences du Palais du Trocadéro</subfield>
<subfield code="e">comptes rendus sténographiques</subfield>
<subfield code="f">publiés sous les auspices du Comité central des congrès et conférences et la direction de M. Ch. Thirion,...</subfield>
<subfield code="v">2</subfield>
</datafield>
<datafield tag="325" ind1="1" ind2=" "><subfield code="a">Reproduit sous forme électronique</subfield>
</datafield>
<datafield tag="456" ind1=" " ind2="#"><subfield code="0">ppn162385501</subfield>
<subfield code="t">Conférences du Palais du Trocadéro</subfield>
<subfield code="b">Ressource électronique</subfield>
<subfield code="h">Deuxièmes série</subfield>
<subfield code="i">Arts, sciences</subfield>
<subfield code="f">Ministère de l&apos;Agriculture et du commerce ; Exposition universelle internationale de 1878, à Paris</subfield>
<subfield code="c">Paris</subfield>
<subfield code="n">Bibliothèque Sainte Geneviève</subfield>
<subfield code="d">2012</subfield>
<subfield code="s">Congrès et conférences du Palais du Trocadéro / publiés sous les auspices du Comité central des congrès et conférences et la direction de M. Ch. Thirion,...</subfield>
</datafield>
<datafield tag="461" ind1=" " ind2="#"><subfield code="t">Congrès et conférences du Palais du Trocadéro</subfield>
<subfield code="o">comptes rendus sténographiques</subfield>
<subfield code="f">publiés sous les auspices du Comité central des congrès et conférences</subfield>
<subfield code="g">et la direction de M. Ch. Thirion,...</subfield>
<subfield code="v">2</subfield>
</datafield>
<datafield tag="503" ind1="1" ind2=" "><subfield code="a">Exposition internationale</subfield>
<subfield code="m">Paris</subfield>
<subfield code="j">1878</subfield>
</datafield>
<datafield tag="686" ind1="0" ind2=" "><subfield code="2">retro</subfield>
<subfield code="a">900</subfield>
</datafield>
<datafield tag="702" ind1=" " ind2="1"><subfield code="1">086274112</subfield>
<subfield code="a">Thirion</subfield>
<subfield code="b">Charles</subfield>
<subfield code="f">1827-19..</subfield>
<subfield code="4">651</subfield>
</datafield>
<datafield tag="712" ind1="0" ind2="2"><subfield code="1">096150335</subfield>
<subfield code="a">Comité central des congrès et conférences</subfield>
<subfield code="4">340</subfield>
</datafield>
<datafield tag="712" ind1="0" ind2="1"><subfield code="1">031473008</subfield>
<subfield code="a">France</subfield>
<subfield code="b">Ministère de l&apos;agriculture et du commerce</subfield>
<subfield code="c">1869-1881</subfield>
<subfield code="4">340</subfield>
</datafield>
<datafield tag="712" ind1="0" ind2="2"><subfield code="1">029240751</subfield>
<subfield code="a">Exposition internationale</subfield>
<subfield code="f">1878</subfield>
<subfield code="e">Paris</subfield>
<subfield code="4">340</subfield>
<subfield code="8">frefre</subfield>
</datafield>
<datafield tag="801" ind1=" " ind2="3"><subfield code="a">FR</subfield>
<subfield code="b">Abes</subfield>
<subfield code="c">20120717</subfield>
<subfield code="g">AFNOR</subfield>
</datafield>
<datafield tag="801" ind1=" " ind2="0"><subfield code="a">FR</subfield>
<subfield code="b">751052116</subfield>
<subfield code="c">20050310</subfield>
</datafield>
<datafield tag="852"><subfield code="a">BSG</subfield>
<subfield code="b">FG</subfield>
<subfield code="c">CTLF</subfield>
<subfield code="e">20050513</subfield>
<subfield code="h">8 V SUP 121 (2)</subfield>
<subfield code="p">N10966460</subfield>
<subfield code="q">9105939145</subfield>
<subfield code="t">MFG</subfield>
<subfield code="y">0</subfield>
</datafield>
</record>